@misc{bbr-congestion-comparison,
	author = "Mario Hock, Roland Bless, Martina Zitterbart",
    title = "Experimental Evaluation of
BBR Congestion Control",
    urldate = "2017-11-16",
    url = "http://doc.tm.kit.edu/2017-kit-icnp-bbr-authors-copy.pdf"
}

@misc{dctcp-congestion,
	author = "Internet Engineering Task Force",
	title = "Data Center TCP (DCTCP): TCP Congestion Control for Data Centers",
    urldate = "2017-11-16",
	url = "https://tools.ietf.org/html/rfc8257"
}

@misc{dctcp-congestion-original,
	author = {Mohammad Alizadeh and Albert Greenberg and David A. Maltz and Jitendra Padhye and Parveen Patel and Balaji Prabhakar and Sudipta Sengupta and Murari Sridharan},
	title = "Data Center TCP (DCTCP)",
    urldate = "2017-11-16",
	url = "https://people.csail.mit.edu/alizadeh/papers/dctcp-sigcomm10.pdf"
}

@article{bbr-congestion,
title = {BBR: Congestion-Based Congestion Control},
author  = {Neal Cardwell and Yuchung Cheng and C. Stephen Gunn and Soheil Hassas Yeganeh and Van Jacobson},
year  = {2016},
URL = {http://queue.acm.org/detail.cfm?id=3022184},
journal = {ACM Queue},
pages = {20 - 53},
volume  = {14, September-October}
}

@article{multiple-congestion,
	title = {TCP Congestion Control Comparison},
	author = {A. Esterhuizen and A.E. Krzesinski},
	year = {2012},
	URL = {http://www.satnac.org.za/proceedings/2012/papers/2.Core_Network_Technologies/15.pdf},
	urldate = "2017-11-16"
}

@misc{git-tcp-cubic,
	title = {tcp-variants-comparison-ns-3},
	author = {jvalenciag},
	year = {2016},
	URL = {https://github.com/jvalenciag/tcp-variants-comparison-ns3},
	urldate = "2017-11-17"
}

@misc{git-tcp-dctcp,
	title = {ns-3},
	author = {i-maravic},
	year = {2013},
	URL = {https://github.com/i-maravic/ns-3},
	urldate = "2017-11-17"
}

@misc{verizon-latency,
	title = {IP Latency Statistics},
	author = {Verizon},
	year = {2017},
	URL = {http://www.verizonenterprise.com/about/network/latency/},
	urldate = "2017-11-30"
}

@misc{linux-netem,
	title = {Netem},
	author = {The Linux Foundation},
	year = {2016},
	URL = {https://wiki.linuxfoundation.org/networking/netem},
	urldate = "2017-11-30"
}

@misc{bic-kernel-version,
	title = {BicTCP Implementation in Linux Kernels},
	author = {Yee-Ting Li and Dough Leith},
	year = {2004},
	URL = {http://citeseerx.ist.psu.edu/viewdoc/download?doi=10.1.1.146.4069&rep=rep1&type=pdf},
	urldate = "2017-12-01"
}

@misc{cubic-kernel-version,
	title = {TCP loss sensitivity analysis},
	author = {Adam Krajewski},
	year = {2016},
	URL = {https://indico.cern.ch/event/558754/contributions/2387602/attachments/1380046/2097516/ATCF2-20161130-TCP-algorithms-comparison.pdf},
	urldate = "2017-12-01"
}